<record><leader>02558cmm  2200529Ii 4500</leader><controlfield tag="001">on1287119441</controlfield><controlfield tag="003">OCoLC</controlfield><controlfield tag="005">20220208124506.0</controlfield><controlfield tag="006">m     o  d        </controlfield><controlfield tag="007">cr mn|||||||||</controlfield><controlfield tag="008">211203s2021    inu     o     000 0 eng d</controlfield><datafield tag="035" ind1=" " ind2=" "><subfield code="a">(OCoLC)1287119441</subfield></datafield><datafield tag="040" ind1=" " ind2=" "><subfield code="a">HLR</subfield><subfield code="b">eng</subfield><subfield code="e">rda</subfield><subfield code="c">HLR</subfield><subfield code="d">YLS</subfield><subfield code="d">HUL</subfield><subfield code="d">OCL</subfield><subfield code="d">OCLCO</subfield></datafield><datafield tag="043" ind1=" " ind2=" "><subfield code="a">n-us---</subfield></datafield><datafield tag="245" ind1="0" ind2="4"><subfield code="a">The COVID crisis in legal education :</subfield><subfield code="b">2021 Annual survey results  /</subfield><subfield code="c">LSSSE, Law School Survey of Student Engagement.</subfield></datafield><datafield tag="246" ind1="1" ind2="7"><subfield code="a">Law School Survey of Student Engagement :</subfield><subfield code="b">2021 annual survey results</subfield></datafield><datafield tag="260" ind1=" " ind2=" "><subfield code="a">Bloomington, IN :</subfield><subfield code="b">Center for Postsecondary Research, School of Education, Indiana University Bloomington,</subfield><subfield code="c">[2021]</subfield></datafield><datafield tag="300" ind1=" " ind2=" "><subfield code="a">1 online resource (17 pages ):</subfield><subfield code="b">digital, PDF file</subfield></datafield><datafield tag="336" ind1=" " ind2=" "><subfield code="a">text</subfield><subfield code="b">txt</subfield><subfield code="2">rdacontent</subfield></datafield><datafield tag="337" ind1=" " ind2=" "><subfield code="a">computer</subfield><subfield code="b">c</subfield><subfield code="2">rdamedia</subfield></datafield><datafield tag="338" ind1=" " ind2=" "><subfield code="a">online resource</subfield><subfield code="b">cr</subfield><subfield code="2">rdacarrier</subfield></datafield><datafield tag="347" ind1=" " ind2=" "><subfield code="a">text file</subfield><subfield code="b">PDF</subfield><subfield code="2">rda</subfield></datafield><datafield tag="520" ind1=" " ind2=" "><subfield code="a">Provides public access to an open-access annual report to reveal structural inequalities that had previously created disparities based on race, ethnicity, gender, socioeconomic status, and other markers exploded due to the COVID-19 pandemic in legal education.</subfield></datafield><datafield tag="588" ind1="0" ind2=" "><subfield code="a">Contents viewed December 3, 2021; title from home page.</subfield></datafield><datafield tag="647" ind1=" " ind2="7"><subfield code="a">COVID-19 Pandemic</subfield><subfield code="d">(2020-)</subfield><subfield code="2">fast</subfield><subfield code="0">(OCoLC)fst02024716</subfield></datafield><datafield tag="650" ind1=" " ind2="0"><subfield code="a">Law</subfield><subfield code="x">Study and teaching</subfield><subfield code="z">United States.</subfield></datafield><datafield tag="650" ind1=" " ind2="0"><subfield code="a">Law students</subfield><subfield code="z">United States</subfield><subfield code="x">Attitudes.</subfield></datafield><datafield tag="650" ind1=" " ind2="0"><subfield code="a">Law schools</subfield><subfield code="z">United States.</subfield></datafield><datafield tag="650" ind1=" " ind2="0"><subfield code="a">COVID-19 (Disease)</subfield><subfield code="x">Social aspects</subfield><subfield code="z">United States.</subfield></datafield><datafield tag="650" ind1=" " ind2="0"><subfield code="a">COVID-19 Pandemic, 2020-</subfield><subfield code="z">United States</subfield><subfield code="x">Influence.</subfield></datafield><datafield tag="650" ind1=" " ind2="0"><subfield code="a">Public health</subfield><subfield code="x">Social aspects</subfield><subfield code="z">United States.</subfield></datafield><datafield tag="650" ind1=" " ind2="0"><subfield code="a">Epidemics</subfield><subfield code="x">Social aspects</subfield><subfield code="z">United States.</subfield></datafield><datafield tag="650" ind1=" " ind2="7"><subfield code="a">Influence (Literary, artistic, etc.)</subfield><subfield code="2">fast</subfield><subfield code="0">(OCoLC)fst00972484</subfield></datafield><datafield tag="650" ind1=" " ind2="7"><subfield code="a">Law</subfield><subfield code="x">Study and teaching.</subfield><subfield code="2">fast</subfield><subfield code="0">(OCoLC)fst00993829</subfield></datafield><datafield tag="650" ind1=" " ind2="7"><subfield code="a">Law students</subfield><subfield code="x">Attitudes.</subfield><subfield code="2">fast</subfield><subfield code="0">(OCoLC)fst00994147</subfield></datafield><datafield tag="650" ind1=" " ind2="7"><subfield code="a">Law schools.</subfield><subfield code="2">fast</subfield><subfield code="0">(OCoLC)fst00994121</subfield></datafield><datafield tag="650" ind1=" " ind2="7"><subfield code="a">COVID-19 (Disease)</subfield><subfield code="x">Social aspects.</subfield><subfield code="2">fast</subfield><subfield code="0">(OCoLC)fst01984649</subfield></datafield><datafield tag="650" ind1=" " ind2="7"><subfield code="a">Public health</subfield><subfield code="x">Social aspects.</subfield><subfield code="2">fast</subfield><subfield code="0">(OCoLC)fst01082307</subfield></datafield><datafield tag="650" ind1=" " ind2="7"><subfield code="a">Epidemics</subfield><subfield code="x">Social aspects.</subfield><subfield code="2">fast</subfield><subfield code="0">(OCoLC)fst00914088</subfield></datafield><datafield tag="651" ind1=" " ind2="7"><subfield code="a">United States.</subfield><subfield code="2">fast</subfield><subfield code="0">(OCoLC)fst01204155</subfield></datafield><datafield tag="655" ind1=" " ind2="4"><subfield code="a">Electronic books.</subfield></datafield><datafield tag="710" ind1="2" ind2=" "><subfield code="a">Indiana University, Bloomington.</subfield><subfield code="b">Center for Postsecondary Research,</subfield><subfield code="e">issuing body.</subfield></datafield><datafield tag="856" ind1="4" ind2="0"><subfield code="u">https://lssse.indiana.edu/wp-content/uploads/2015/12/COVID-Crisis-in-Legal-Education-Final-10.28.21.pdf</subfield></datafield><datafield tag="948" ind1=" " ind2=" "><subfield code="h">NO HOLDINGS IN VLA - 15 OTHER HOLDINGS</subfield></datafield><datafield tag="994" ind1=" " ind2=" "><subfield code="a">Z0</subfield><subfield code="b">VLA</subfield></datafield><datafield tag="998" ind1=" " ind2=" "><subfield code="a">inter</subfield></datafield></record>